@inproceedings{zhang2015online,
  title={Online bandit learning for a special class of non-convex losses},
  author={Zhang, Lijun and Yang, Tianbao and Jin, Rong and Zhou, Zhi-Hua},
  booktitle={Proceedings of the AAAI Conference on Artificial Intelligence},
  volume={29},
  number={1},
  year={2015}
}
@inproceedings{gao2018online,
  title={Online learning with non-convex losses and non-stationary regret},
  author={Gao, Xiand and Li, Xiaobo and Zhang, Shuzhong},
  booktitle={International Conference on Artificial Intelligence and Statistics},
  pages={235--243},
  year={2018},
  organization={PMLR}
}
@article{lafond2015online,
  title={On the online Frank-Wolfe algorithms for convex and non-convex optimizations},
  author={Lafond, Jean and Wai, Hoi-To and Moulines, Eric},
  journal={arXiv preprint arXiv:1510.01171},
  year={2015}
}

@article{hazan2016introduction,
  title={Introduction to online convex optimization},
  author={Hazan, Elad and others},
  journal={Foundations and Trends{\textregistered} in Optimization},
  volume={2},
  number={3-4},
  pages={157--325},
  year={2016},
  publisher={Now Publishers, Inc.}
}

@article{qi2021online,
  title={An online method for a class of distributionally robust optimization with non-convex objectives},
  author={Qi, Qi and Guo, Zhishuai and Xu, Yi and Jin, Rong and Yang, Tianbao},
  journal={Advances in Neural Information Processing Systems},
  volume={34},
  pages={10067--10080},
  year={2021}
}
@article{DBLP:journals/corr/abs-1206-4657,
  author    = {Elad Hazan and
               Satyen Kale},
  title     = {Projection-free Online Learning},
  journal   = {CoRR},
  volume    = {abs/1206.4657},
  year      = {2012},
  url       = {http://arxiv.org/abs/1206.4657},
  eprinttype = {arXiv},
  eprint    = {1206.4657},
  timestamp = {Mon, 13 Aug 2018 16:48:50 +0200},
  biburl    = {https://dblp.org/rec/journals/corr/abs-1206-4657.bib},
  bibsource = {dblp computer science bibliography, https://dblp.org}
}

@article{DBLP:journals/corr/HazanL16,
  author    = {Elad Hazan and
               Haipeng Luo},
  title     = {Variance-Reduced and Projection-Free Stochastic Optimization},
  journal   = {CoRR},
  volume    = {abs/1602.02101},
  year      = {2016},
  url       = {http://arxiv.org/abs/1602.02101},
  eprinttype = {arXiv},
  eprint    = {1602.02101},
  timestamp = {Mon, 13 Aug 2018 16:48:07 +0200},
  biburl    = {https://dblp.org/rec/journals/corr/HazanL16.bib},
  bibsource = {dblp computer science bibliography, https://dblp.org}
}

@article{DBLP:journals/corr/abs-2010-08177,
  author    = {Yuanyu Wan and
               Lijun Zhang},
  title     = {Projection-free Online Learning over Strongly Convex Sets},
  journal   = {CoRR},
  volume    = {abs/2010.08177},
  year      = {2020},
  url       = {https://arxiv.org/abs/2010.08177},
  eprinttype = {arXiv},
  eprint    = {2010.08177},
  timestamp = {Wed, 21 Oct 2020 12:11:48 +0200},
  biburl    = {https://dblp.org/rec/journals/corr/abs-2010-08177.bib},
  bibsource = {dblp computer science bibliography, https://dblp.org}
}
@misc{balasubramanian2019zerothorder,
      title={Zeroth-order Nonconvex Stochastic Optimization: Handling Constraints, High-Dimensionality and Saddle-Points}, 
      author={Krishnakumar Balasubramanian and Saeed Ghadimi},
      year={2019},
      eprint={1809.06474},
      archivePrefix={arXiv},
      primaryClass={math.OC}
}
